<?xml version="1.0" encoding="UTF-8" ?><marc:record xmlns:marc="http://www.loc.gov/MARC21/slim">
<marc:leader>00451nam a2200109   4500</marc:leader>
<marc:controlfield tag="001">1003003</marc:controlfield>
<marc:controlfield tag="008">100120s1818        enk           |00|| und d</marc:controlfield><marc:datafield tag="100" ind1="1" ind2=" "><marc:subfield code="a">Darwin, Charles.</marc:subfield></marc:datafield><marc:datafield tag="245" ind1="1" ind2="0"><marc:subfield code="a">A sketch of modern and ancient geography for the use of schools. :</marc:subfield><marc:subfield code="b">[Supplementary material in Charles Darwin's copy].</marc:subfield></marc:datafield><marc:datafield tag="500" ind1=" " ind2=" "><marc:subfield code="a">Identifier: Butler1818wo01P_MS.</marc:subfield></marc:datafield><marc:datafield tag="700" ind1="1" ind2=" "><marc:subfield code="a">Butler, Samuel A.</marc:subfield></marc:datafield><marc:datafield tag="772" ind1="0" ind2=" "><marc:subfield code="t">A sketch of modern and ancient geography for the use of schools.</marc:subfield><marc:subfield code="o">Butler1818wo01P</marc:subfield></marc:datafield></marc:record>
